<record xmlns='http://www.loc.gov/MARC21/slim'><leader>02159cim a22004692u 4500</leader><controlfield tag='001'>3600575</controlfield><controlfield tag='005'>20151214182628.0</controlfield><controlfield tag='007'>ss|lmnjluz|nuu</controlfield><controlfield tag='008'>991101s1988    nyunnn         l    eng d</controlfield><datafield ind1=' ' ind2=' ' tag='035'><subfield code='a'>(NIC)notisASF7640</subfield></datafield><datafield ind1=' ' ind2=' ' tag='035'><subfield code='a'>3600575</subfield></datafield><datafield ind1=' ' ind2=' ' tag='035'><subfield code='a'>(OCoLC)63896267</subfield></datafield><datafield ind1=' ' ind2=' ' tag='040'><subfield code='a'>NIC</subfield><subfield code='c'>NIC</subfield><subfield code='d'>NIC        </subfield><subfield code='d'>NIC</subfield></datafield><datafield ind1='1' ind2=' ' tag='100'><subfield code='a'>Ali, Tariq.</subfield></datafield><datafield ind1='1' ind2='0' tag='245'><subfield code='a'>&quot;Sammy and Rosie Get Laid&quot;: a round-table discussion of the film</subfield><subfield code='h'>[sound recording]</subfield></datafield><datafield ind1=' ' ind2=' ' tag='260'><subfield code='c'>1988.</subfield></datafield><datafield ind1=' ' ind2=' ' tag='300'><subfield code='a'>1 sound cassette (70 min.) :</subfield><subfield code='b'>analog, mono.</subfield></datafield><datafield ind1=' ' ind2=' ' tag='500'><subfield code='a'>Recorded in Ithaca, NY by Cornell University.</subfield></datafield><datafield ind1=' ' ind2=' ' tag='500'><subfield code='a'>Accompanied by: Notes.</subfield></datafield><datafield ind1=' ' ind2=' ' tag='500'><subfield code='a'>Sponsored by: Western Societies Program,Cornell Cinema,Council on the Creative and Performing Arts,Society for the Humanities,Arts College Dean&apos;s Fund,Near Eastern Studies, Department of.</subfield></datafield><datafield ind1=' ' ind2=' ' tag='500'><subfield code='a'>Speaker(s): Tarig Ali is a director with Banden Productions. Wanda Bershen is a programmer with CUNY T.V., New York.  Anthony Caputi is a Cornell professor of Comparative Literature.  Richard Herskowitz is the director of Cornell Cinema. Satya P. Mohanty is a Cornell English professor and a 1988 Society for the Humanities fellow.</subfield></datafield><datafield ind1=' ' ind2=' ' tag='518'><subfield code='a'>Panel, February 26, 1988.</subfield></datafield><datafield ind1=' ' ind2=' ' tag='520'><subfield code='a'>The panel discusses the British response to &quot;Sammy and Rosie Get Laid&quot;.</subfield></datafield><datafield ind1=' ' ind2='0' tag='651'><subfield code='a'>Europe</subfield><subfield code='x'>Ethnic relations.</subfield></datafield><datafield ind1=' ' ind2='0' tag='650'><subfield code='a'>Minorities.</subfield></datafield><datafield ind1=' ' ind2='0' tag='651'><subfield code='a'>Great Britain</subfield><subfield code='x'>Ethnic relations.</subfield></datafield><datafield ind1=' ' ind2='0' tag='650'><subfield code='a'>Film criticism.</subfield></datafield><datafield ind1=' ' ind2='0' tag='651'><subfield code='a'>Great Britain</subfield><subfield code='x'>In motion pictures.</subfield></datafield><datafield ind1=' ' ind2='7' tag='650'><subfield code='a'>Ethnic relations</subfield><subfield code='2'>fast</subfield><subfield code='0'>(OCoLC)fst00916005</subfield></datafield><datafield ind1=' ' ind2='7' tag='650'><subfield code='a'>Film criticism</subfield><subfield code='2'>fast</subfield><subfield code='0'>(OCoLC)fst00924259</subfield></datafield><datafield ind1=' ' ind2='7' tag='650'><subfield code='a'>Minorities</subfield><subfield code='2'>fast</subfield><subfield code='0'>(OCoLC)fst01023088</subfield></datafield><datafield ind1=' ' ind2='7' tag='650'><subfield code='a'>Motion pictures</subfield><subfield code='2'>fast</subfield><subfield code='0'>(OCoLC)fst01027285</subfield></datafield><datafield ind1=' ' ind2='7' tag='651'><subfield code='a'>Europe</subfield><subfield code='2'>fast</subfield><subfield code='0'>(OCoLC)fst01245064</subfield></datafield><datafield ind1=' ' ind2='7' tag='651'><subfield code='a'>Great Britain</subfield><subfield code='2'>fast</subfield><subfield code='0'>(OCoLC)fst01204623</subfield></datafield><datafield ind1='1' ind2=' ' tag='700'><subfield code='a'>Mohanty, Satya P.</subfield><subfield code='q'>(Satya Prakash),</subfield><subfield code='d'>1954-</subfield></datafield><datafield ind1='1' ind2=' ' tag='700'><subfield code='a'>Herskowitz, Richard.</subfield></datafield><datafield ind1='1' ind2=' ' tag='700'><subfield code='a'>Caputi, Anthony Francis,</subfield><subfield code='d'>1924-</subfield></datafield><datafield ind1='1' ind2=' ' tag='700'><subfield code='a'>Bershen, Wanda.</subfield></datafield><datafield ind1=' ' ind2='0' tag='830'><subfield code='a'>New ethnic minorities in European culture.</subfield></datafield><datafield ind1='1' ind2=' ' tag='899'><subfield code='a'>CULectures</subfield></datafield><datafield ind1=' ' ind2=' ' tag='905'><subfield code='a'>20000309120000.0</subfield></datafield><datafield ind1='2' ind2=' ' tag='948'><subfield code='a'>20141221</subfield><subfield code='b'>m</subfield><subfield code='d'>batch</subfield><subfield code='e'>lts</subfield><subfield code='x'>addfast</subfield></datafield></record>